<collection xmlns="http://www.loc.gov/MARC21/slim">
<record>
  <leader>00975nam0a22001931i 450 </leader>
  <controlfield tag="001">IT\ICCU\CNCE\076734</controlfield>
  <controlfield tag="005">20111018000000.0</controlfield>
  <datafield tag="012" ind1=" " ind2=" ">
    <subfield code="a">o,re ++++ a.ia PrSi (3) 1626 (R)</subfield>
    <subfield code="2">fei</subfield>
  </datafield>
  <datafield tag="100" ind1=" " ind2=" ">
    <subfield code="a">20111010d1530        0itac0103    ba</subfield>
  </datafield>
  <datafield tag="101" ind1=" " ind2=" ">
    <subfield code="a">ITA</subfield>
  </datafield>
  <datafield tag="102" ind1=" " ind2=" ">
    <subfield code="a">IT</subfield>
  </datafield>
  <datafield tag="200" ind1="1" ind2=" ">
    <subfield code="a">℗La ℗pietosa tragedia della pomposa reina Amata opera non men heroica, e di stil grande, e verso altiero, che diletteuole, setentiosa, e vaga. Composta dal r.p. fra Thomaso Pinto della citta di Nardo</subfield>
  </datafield>
  <datafield tag="210" ind1=" " ind2=" ">
    <subfield code="a">In Milano</subfield>
    <subfield code="c">appresso Antonio Verde</subfield>
    <subfield code="d">1626</subfield>
  </datafield>
  <datafield tag="215" ind1=" " ind2=" ">
    <subfield code="a">\8!, 120+ p.</subfield>
    <subfield code="d">4o</subfield>
  </datafield>
  <datafield tag="300" ind1=" " ind2=" ">
    <subfield code="a">XVII s.Descrizione basata su un esemplare mutilo. -  Frontespizio in cornice xilografica. -  Ritratto xilografico del deicatario, Ottavio Guarini, sul frontespizio. -  Segn.: A4  B4(-B1) C-P12+. -  Iniziali e fregi xilografici</subfield>
  </datafield>
  <datafield tag="620" ind1=" " ind2=" ">
    <subfield code="a">IT</subfield>
    <subfield code="d">Milano</subfield>
  </datafield>
  <datafield tag="712" ind1="0" ind2="0">
    <subfield code="a">Verde, Antonio</subfield>
    <subfield code="3">IT\ICCU\CNCT\006370</subfield>
    <subfield code="4">650</subfield>
  </datafield>
  <datafield tag="801" ind1=" " ind2="3">
    <subfield code="a">IT</subfield>
    <subfield code="b">ICCU</subfield>
    <subfield code="c">20201115</subfield>
  </datafield>
  <datafield tag="899" ind1=" " ind2=" ">
    <subfield code="a"></subfield>
    <subfield code="1">LE0131</subfield>
    <subfield code="2">LEK LW</subfield>
  </datafield>
</record>
</collection>
